@inproceedings{keith2018monte,
  title={Monte Carlo Syntax Marginals for Exploring and Using Dependency Parses},
  author={Keith, Katherine and Blodgett, Su Lin and Oâ€™Connor, Brendan},
  booktitle={Proceedings of the 2018 Conference of the North American Chapter of the Association for Computational Linguistics},
  year={2018}
}