@inproceedings{keith2017emnlp,
  title={Identifying civilians killed by police with distantly supervised entity-event extraction},
  author={Keith, Katherine and Handler, Abram and Pinkham, Michael and Magliozzi, Cara and McDuffie, Joshua and O'Connor, Brendan},
  booktitle={Proceedings of the 2017 Conference on Empirical Methods in Natural Language Processing},
  year={2017}
}