@inproceedings{keith2018uncertainty,
  title={Uncertainty-aware generative models for inferring document class prevalence},
  author={Keith, Katherine and O'Connor, Brendan},
  booktitle={Proceedings of the 2018 Conference on Empirical Methods in Natural Language Processing},
  year={2018}
}