@inproceedings{keith2018uncertainty,
  title={Modeling financial analystsâ€™ decision making via the pragmatics and semantics of earnings calls},
  author={Keith, Katherine and O'Connor, Brendan},
  booktitle={Annual Meeting of the Association for Computational Linguistics (ACL)},
  year={2019}
}